% This file was created with JabRef 2.9.2.
% Encoding: UTF-8

@INPROCEEDINGS{AlSumait:2008,
  author = {AlSumait, Loulwah and Barbará, Daniel and Domeniconi, Carlotta},
  title = {On-line LDA: Adaptive Topic Models for Mining Text Streams with Applications
	to Topic Detection and Tracking.},
  booktitle = {ICDM},
  year = {2008},
  pages = {3-12},
  publisher = {IEEE Computer Society},
  added-at = {2009-09-10T16:51:33.000+0200},
  biburl = {http://www.bibsonomy.org/bibtex/2980e5cf0b3db547cf47c2c203734ac83/folke},
  crossref = {conf/icdm/2008},
  date = {2009-02-20},
  description = {dblp},
  ee = {http://dx.doi.org/10.1109/ICDM.2008.140},
  interhash = {e46dde3d53c823afeeb7604f1991b661},
  intrahash = {980e5cf0b3db547cf47c2c203734ac83},
  keywords = {generative lda models online topic tracking},
  timestamp = {2009-09-10T16:51:33.000+0200},
  url = {http://dblp.uni-trier.de/db/conf/icdm/icdm2008.html#AlSumaitBD08}
}

@INPROCEEDINGS{Falleri:2010,
  author = {Falleri, Jean-Rémy and Azmeh, Zeina and Huchard, Marianne and Tibermacine,
	Chouki},
  title = {Automatic Tag Identification in Web Service Descriptions.},
  booktitle = {WEBIST (1)},
  year = {2010},
  editor = {Filipe, Joaquim and Cordeiro, José},
  pages = {40-47},
  publisher = {INSTICC Press},
  added-at = {2011-01-04T00:00:00.000+0100},
  biburl = {http://www.bibsonomy.org/bibtex/2eca771d0ebfa81a683006d780c0ad22f/dblp},
  crossref = {conf/webist/2010-1},
  interhash = {c0b4862749f0aededf3ce17aed7b52c1},
  intrahash = {eca771d0ebfa81a683006d780c0ad22f},
  isbn = {978-989-674-025-2},
  keywords = {dblp},
  timestamp = {2011-01-04T00:00:00.000+0100},
  url = {http://dblp.uni-trier.de/db/conf/webist/webist2010-1.html#FalleriAHT10}
}

@INPROCEEDINGS{Hoffman:2010,
  author = {Matthew D. Hoffman and David M. Blei and Francis R. Bach},
  title = {Online Learning for Latent Dirichlet Allocation},
  booktitle = {NIPS},
  year = {2010},
  pages = {856-864},
  bibsource = {DBLP, http://dblp.uni-trier.de},
  crossref = {DBLP:conf/nips/2010},
  ee = {http://books.nips.cc/papers/files/nips23/NIPS2010_1291.pdf}
}

@ARTICLE{Airio:2006,
  author = {Airio, Eija},
  title = {Word Normalization and Decompounding in Mono- and Bilingual IR},
  journal = {Inf. Retr.},
  year = {2006},
  volume = {9},
  pages = {249--271},
  number = {3},
  month = jun,
  acmid = {1138162},
  address = {Hingham, MA, USA},
  doi = {10.1007/s10791-006-0884-2},
  issn = {1386-4564},
  issue_date = {June 2006},
  keywords = {Monolingual information retrieval, bilingual information retrieval,
	decompounding, lemmatization, stemming},
  numpages = {23},
  publisher = {Kluwer Academic Publishers},
  url = {http://dx.doi.org/10.1007/s10791-006-0884-2}
}

@INPROCEEDINGS{Auer:2007,
  author = {Auer, S\"{o}ren and Bizer, Christian and Kobilarov, Georgi and Lehmann,
	Jens and Cyganiak, Richard and Ives, Zachary},
  title = {DBpedia: A Nucleus for a Web of Open Data},
  booktitle = {Proceedings of the 6th International The Semantic Web and 2Nd Asian
	Conference on Asian Semantic Web Conference},
  year = {2007},
  series = {ISWC'07/ASWC'07},
  pages = {722--735},
  address = {Berlin, Heidelberg},
  publisher = {Springer-Verlag},
  acmid = {1785216},
  isbn = {3-540-76297-3, 978-3-540-76297-3},
  location = {Busan, Korea},
  numpages = {14},
  url = {http://dl.acm.org/citation.cfm?id=1785162.1785216}
}

@OTHER{BernersLee:2011,
  author = {Berners-Lee, Tim and Connolly, Dan},
  date-added = {2013-10-30},
  timestamp = {2013.11.14},
  title = {Notation3 (N3): A readable RDF syntax},
  url = {http://www.w3.org/TeamSubmission/n3/},
  year = {2011}
}

@INPROCEEDINGS{Bernstein:2002,
  author = {Bernstein, Abraham and Klein, Mark},
  title = {Towards High-Precision Service Retrieval},
  booktitle = {Proceedings of the First International Semantic Web Conference on
	The Semantic Web},
  year = {2002},
  series = {ISWC '02},
  pages = {84--101},
  address = {London, UK, UK},
  publisher = {Springer-Verlag},
  acmid = {711417},
  isbn = {3-540-43760-6},
  numpages = {18},
  url = {http://dl.acm.org/citation.cfm?id=646996.711417}
}

@ARTICLE{Bizer:2009,
  author = {Bizer, C. and Heath, T. and Berners-Lee, T.},
  title = {Linked data---the story so far},
  journal = {International Journal on Semantic Web Information Systems},
  year = {2009},
  volume = {5},
  pages = {1--22},
  number = {3},
  biburl = {http://www.bibsonomy.org/bibtex/25e13b99f0fe4d28c1261158410041c70/mgraube}
}

@ARTICLE{Blei:2012,
  author = {Blei, David M.},
  title = {Probabilistic Topic Models},
  journal = {Commun. ACM},
  year = {2012},
  volume = {55},
  pages = {77--84},
  number = {4},
  month = apr,
  acmid = {2133826},
  address = {New York, NY, USA},
  doi = {10.1145/2133806.2133826},
  issn = {0001-0782},
  issue_date = {April 2012},
  numpages = {8},
  publisher = {ACM},
  url = {http://doi.acm.org/10.1145/2133806.2133826}
}

@ARTICLE{Blei:2003,
  author = {Blei, David M. and Ng, Andrew Y. and Jordan, Michael I.},
  title = {Latent Dirichlet Allocation},
  journal = {J. Mach. Learn. Res.},
  year = {2003},
  volume = {3},
  pages = {993--1022},
  month = mar,
  acmid = {944937},
  issn = {1532-4435},
  issue_date = {3/1/2003},
  numpages = {30},
  publisher = {JMLR.org},
  url = {http://dl.acm.org/citation.cfm?id=944919.944937}
}

@INPROCEEDINGS{Cha:2012,
  author = {Cha, Youngchul and Cho, Junghoo},
  title = {Social-network Analysis Using Topic Models},
  booktitle = {Proceedings of the 35th International ACM SIGIR Conference on Research
	and Development in Information Retrieval},
  year = {2012},
  series = {SIGIR '12},
  pages = {565--574},
  address = {New York, NY, USA},
  publisher = {ACM},
  acmid = {2348360},
  doi = {10.1145/2348283.2348360},
  isbn = {978-1-4503-1472-5},
  keywords = {handling popular nodes, latent dirichlet allocation, social-network
	analysis, topic model},
  location = {Portland, Oregon, USA},
  numpages = {10},
  url = {http://doi.acm.org/10.1145/2348283.2348360}
}

@OTHER{Chance:2009,
  author = {Sam Chance},
  date-added = {2013-11-15},
  owner = {Leandro},
  timestamp = {2013.11.15},
  title = {Semantic Service Oriented Architecture: An Overview},
  url = {http://semanticweb.com/semantic-service-oriented-architecture-an-overview/},
  year = {2009}
}

@ARTICLE{Chen:2012,
  author = {Chen, Xin and Hu, Xiaohua and Lim, Tze Yee and Shen, Xiajiong and
	Park, E. K. and Rosen, Gail L.},
  title = {Exploiting the Functional and Taxonomic Structure of Genomic Data
	by Probabilistic Topic Modeling},
  journal = {IEEE/ACM Trans. Comput. Biol. Bioinformatics},
  year = {2012},
  volume = {9},
  pages = {980--991},
  number = {4},
  month = jul,
  acmid = {2223927},
  address = {Los Alamitos, CA, USA},
  doi = {10.1109/TCBB.2011.113},
  issn = {1545-5963},
  issue_date = {July 2012},
  keywords = {Data mining, bioinformatics (genome or protein) databases, language
	models, metagenomics.},
  numpages = {12},
  publisher = {IEEE Computer Society Press},
  url = {http://dx.doi.org/10.1109/TCBB.2011.113}
}

@OTHER{W3C:2007,
  author = {Chinnici, Roberto and Moreau, Jean-Jacques and Ryman, Arthur and
	Weerawarana, Sanjiva},
  date-added = {2013-10-31},
  owner = {leandro},
  timestamp = {2013.11.14},
  title = {Web Services Description Language (WSDL) Version 2.0 Part 1: Core
	Language},
  url = {http://www.w3.org/TR/wsdl20/},
  year = {2007}
}

@OTHER{ECMA:2012,
  author = {ECMA-International},
  date-added = {2013-11-15},
  owner = {Leandro},
  timestamp = {2013.11.15},
  title = {Standard ECMA-348 Web Services Description Language (WSDL) for CSTA
	Phase III},
  url = {http://www.ecma-international.org/publications/standards/Ecma-348.htm},
  year = {2012}
}

@OTHER{ECMA:2011,
  author = {ECMA-International},
  date-added = {2013-11-15},
  owner = {Leandro},
  timestamp = {2013.11.15},
  title = {Standard ECMA-323 XML Protocol for Computer Supported Telecommunications
	Applications (CSTA) Phase III},
  url = {http://www.ecma-international.org/publications/standards/Ecma-323.htm},
  year = {2011}
}

@INPROCEEDINGS{Feng:2010,
  author = {Feng, Yansong and Lapata, Mirella},
  title = {Topic Models for Image Annotation and Text Illustration},
  booktitle = {Human Language Technologies: The 2010 Annual Conference of the North
	American Chapter of the Association for Computational Linguistics},
  year = {2010},
  series = {HLT '10},
  pages = {831--839},
  address = {Stroudsburg, PA, USA},
  publisher = {Association for Computational Linguistics},
  acmid = {1858124},
  isbn = {1-932432-65-5},
  location = {Los Angeles, California},
  numpages = {9},
  url = {http://dl.acm.org/citation.cfm?id=1857999.1858124}
}

@OTHER{W3C:1999,
  author = {R. Fielding and J. Gettys and J. Mogul and H. Frystyk and L. Masinter
	and P. Leach and T. Berners-Lee},
  date-added = {2013-10-28},
  title = {Hypertext Transfer Protocol ­­ HTTP/1.1},
  url = {http://www.w3.org/Protocols/rfc2616/rfc2616.html},
  year = {1999}
}

@PHDTHESIS{Fielding:2000,
  author = {Fielding, Roy Thomas},
  title = {Architectural styles and the design of network-based software architectures},
  year = {2000},
  note = {AAI9980887},
  added-at = {2012-01-09T20:32:30.000+0100},
  biburl = {http://www.bibsonomy.org/bibtex/2c5fbfdf47178850ca7cbc0851bfcc95f/clemensbaier},
  description = {Architectural styles and the design of network-based software architectures},
  interhash = {833ffb7e240120036017a40097125555},
  intrahash = {c5fbfdf47178850ca7cbc0851bfcc95f},
  isbn = {0-599-87118-0},
  keywords = {api representational rest state transfer},
  publisher = {University of California, Irvine},
  timestamp = {2012-01-09T20:32:30.000+0100}
}

@ARTICLE{Fredkin:1960,
  author = {Fredkin, Edward},
  title = {Trie Memory},
  journal = {Commun. ACM},
  year = {1960},
  volume = {3},
  pages = {490--499},
  number = {9},
  month = sep,
  acmid = {367400},
  address = {New York, NY, USA},
  doi = {10.1145/367390.367400},
  issn = {0001-0782},
  issue_date = {September 1960},
  numpages = {10},
  publisher = {ACM},
  url = {http://doi.acm.org/10.1145/367390.367400}
}

@ARTICLE{Geman:1984,
  author = {Geman, Stuart and Geman, Donald},
  title = {Stochastic Relaxation, Gibbs Distributions, and the Bayesian Restoration
	of Images},
  journal = {IEEE Trans. Pattern Anal. Mach. Intell.},
  year = {1984},
  volume = {6},
  pages = {721--741},
  number = {6},
  month = nov,
  acmid = {2286617},
  address = {Washington, DC, USA},
  doi = {10.1109/TPAMI.1984.4767596},
  issn = {0162-8828},
  issue_date = {November 1984},
  keywords = {Annealing, Gibbs distribution, MAP estimate, Markov random field,
	image restoration, line process, relaxation, scene modeling, spatial
	degradation},
  numpages = {21},
  publisher = {IEEE Computer Society},
  url = {http://dx.doi.org/10.1109/TPAMI.1984.4767596}
}

@OTHER{GSMA:2013,
  author = {GSMA},
  date-added = {2013-11-15},
  owner = {Leandro},
  timestamp = {2013.11.14},
  title = {GSMA--OneAPI for Developers},
  url = {http://www.gsma.com/oneapi/developers},
  year = {2013}
}

@OTHER{W3C:2009,
  author = {Marc Hadley},
  date-added = {2013-10-30},
  timestamp = {2013.11.14},
  title = {Web Application Description Language},
  url = {http://www.w3.org/Submission/wadl/},
  year = {2009}
}

@OTHER{W3C:2006,
  author = {Hayes, Pat and Welty, Chris},
  date-added = {2013-11-09},
  owner = {leandro},
  timestamp = {2013.11.14},
  title = {Defining N-ary Relations on the Semantic Web},
  url = {http://www.w3.org/TR/swbp-n-aryRelations/},
  year = {2006}
}

@OTHER{IANA:2003,
  author = {IANA},
  date-added = {2013-10-23},
  timestamp = {2013.11.14},
  title = {MIME Media Types},
  url = {http://www.iana.org/assignments/media-types},
  year = {2003}
}

@OTHER{W3C:2010,
  author = {Anne van Kesteren},
  date-added = {2013-10-23},
  title = {HTML5 differences from HTML4},
  url = {http://www.w3.org/TR/2010/WD-html5-diff-20101019/},
  year = {2010}
}

@OTHER{Kopecky:2009,
  author = {Kopeck\'{y}, Jacek and Fensel, Dieter and Vitvar, Tomas},
  title = {D3.4.3 MicroWSMO and hRESTS},
  url = {http://sweet.kmi.open.ac.uk/pub/microWSMO.pdf},
  year = {2009}
}

@INPROCEEDINGS{Kopecky:2008,
  author = {Kopeck\'{y}, Jacek and Gomadam, Karthik and Vitvar, Tomas},
  title = {hRESTS: An HTML Microformat for Describing RESTful Web Services},
  booktitle = {Proceedings of the 2008 IEEE/WIC/ACM International Conference on
	Web Intelligence and Intelligent Agent Technology - Volume 01},
  year = {2008},
  series = {WI-IAT '08},
  pages = {619--625},
  address = {Washington, DC, USA},
  publisher = {IEEE Computer Society},
  acmid = {1486962},
  doi = {10.1109/WIIAT.2008.379},
  isbn = {978-0-7695-3496-1},
  keywords = {RESTful Web services, microformat, service description},
  numpages = {7},
  url = {http://dx.doi.org/10.1109/WIIAT.2008.379}
}

@BOOK{Laurent:2001,
  title = {Programming Web Services with XML-RPC},
  publisher = {O'Reilly \& Associates, Inc.},
  year = {2001},
  author = {Laurent, Simon St. and Dumbill, Edd and Johnston, Joe},
  address = {Sebastopol, CA, USA},
  isbn = {0596001193}
}

@OTHER{W3C:2005,
  author = {Le H\'{e}garet, Philippe and Whitmer, Ray and Wood, Lauren},
  date-added = {2013-11-4},
  owner = {leandro},
  timestamp = {2013.11.14},
  title = {Document Object Model (DOM)},
  url = {http://www.w3.org/DOM/},
  year = {2005}
}

@INPROCEEDINGS{Ly:2012,
  author = {Ly, Papa Alioune and Pedrinaci, Carlos and Domingue, John},
  title = {Automated Information Extraction from Web APIs Documentation},
  booktitle = {Proceedings of the 13th International Conference on Web Information
	Systems Engineering},
  year = {2012},
  series = {WISE'12},
  pages = {497--511},
  address = {Berlin, Heidelberg},
  publisher = {Springer-Verlag},
  acmid = {2426762},
  doi = {10.1007/978-3-642-35063-4_36},
  isbn = {978-3-642-35062-7},
  keywords = {RESTful service, information extraction, service discovery, web API,
	web page segmentation},
  location = {Paphos, Cyprus},
  numpages = {15},
  url = {http://dx.doi.org/10.1007/978-3-642-35063-4_36}
}

@INPROCEEDINGS{Maleshkova:2010,
  author = {Maleshkova, M. and Pedrinaci, C. and Domingue, J.},
  title = {Investigating Web APIs on the World Wide Web},
  booktitle = {Web Services (ECOWS), 2010 IEEE 8th European Conference on},
  year = {2010},
  pages = {107-114},
  doi = {10.1109/ECOWS.2010.9},
  keywords = {Web services;application program interfaces;hypermedia markup languages;service-oriented
	architecture;HTML;SOAP;WSDL;Web API;Web services;Webpage;World Wide
	Web;authentication;interface description language;RESTful services;Web
	APIs;Web services}
}

@OTHER{W3C:2004b,
  author = {McBride, Brian},
  date-added = {2013-11-09},
  owner = {leandro},
  timestamp = {2013.11.14},
  title = {RDF Vocabulary Description Language 1.0: RDF Schema},
  url = {http://www.w3.org/TR/rdf-schema/},
  year = {2004}
}

@INPROCEEDINGS{Ordonez:2012,
  author = {Ordonez­Ante, Leandro and Rojas­Potosi, Luis Antonio and Suarez­Meza,
	Luis Javier and Corrales, Juan Carlos},
  title = {Towards the Automation of the Semantic Annotation Process for Web
	Services},
  booktitle = {The 2012 Semantic Web and Web Service International Conference},
  year = {2012},
  month = {July},
  timestamp = {2013.11.14}
}

@INPROCEEDINGS{Paolucci:2002,
  author = {Paolucci, Massimo and Kawamura, Takahiro and Payne, Terry R. and
	Sycara, Katia P.},
  title = {Semantic Matching of Web Services Capabilities},
  booktitle = {Proceedings of the First International Semantic Web Conference on
	The Semantic Web},
  year = {2002},
  series = {ISWC '02},
  pages = {333--347},
  address = {London, UK, UK},
  publisher = {Springer-Verlag},
  acmid = {711287},
  isbn = {3-540-43760-6},
  numpages = {15},
  url = {http://dl.acm.org/citation.cfm?id=646996.711287}
}

@OTHER{W3C:2008,
  author = {Prud'hommeaux, Eric and Seaborne, Andy},
  date-added = {2013-11-09},
  owner = {leandro},
  timestamp = {2013.11.14},
  title = {SPARQL Query Language for RDF},
  url = {http://www.w3.org/TR/rdf-sparql-query/},
  year = {2008}
}

@OTHER{Richardson:2008,
  author = {Leonard Richardson},
  date-added = {2013-10-28},
  owner = {leandro},
  timestamp = {2013.11.14},
  title = {Justice Will Take Us Millions Of Intricate Moves},
  url = {http://www.crummy.com/writing/speaking/2008-QCon/},
  year = {2008}
}

@INPROCEEDINGS{Saquicela:2010,
  author = {Saquicela, Victor and Vilches-Bl\'{a}zquez, Luis. M. and Corcho,
	\'{O}scar},
  title = {Semantic Annotation of RESTful Services Using External Resources},
  booktitle = {Proceedings of the 10th International Conference on Current Trends
	in Web Engineering},
  year = {2010},
  series = {ICWE'10},
  pages = {266--276},
  address = {Berlin, Heidelberg},
  publisher = {Springer-Verlag},
  acmid = {1927257},
  isbn = {3-642-16984-8, 978-3-642-16984-7},
  keywords = {RESTful service, semantic annotation},
  location = {Vienna, Austria},
  numpages = {11},
  url = {http://dl.acm.org/citation.cfm?id=1927229.1927257}
}

@ARTICLE{Sheth:2007,
  author = {Sheth, Amit P. and Gomadam, Karthik and Lathem, Jon},
  title = {SA-REST: Semantically Interoperable and Easier-to-Use Services and
	Mashups},
  journal = {IEEE Internet Computing},
  year = {2007},
  volume = {11},
  pages = {91--94},
  number = {6},
  month = nov,
  acmid = {1304556},
  address = {Piscataway, NJ, USA},
  doi = {10.1109/MIC.2007.133},
  issn = {1089-7801},
  issue_date = {November 2007},
  keywords = {Web services, mashups, semantics and services, semantics and services,
	mashups, Web services},
  numpages = {4},
  publisher = {IEEE Educational Activities Department},
  url = {http://dx.doi.org/10.1109/MIC.2007.133}
}

@OTHER{Shlens:2007,
  author = {Shlens, Jonathon},
  comment = {Systems Neurobiology Laboratory Salk Insitute for Biological Studies,
	La Jolla},
  date-added = {2013-11-04},
  owner = {leandro},
  timestamp = {2013.11.14},
  title = {Notes on Kullback-Leibler Divergence and Likelihood Theory},
  url = {http://www.snl.salk.edu/~shlens/kl.pdf},
  year = {2007}
}

@INPROCEEDINGS{Toutanova:2003,
  author = {Toutanova, Kristina and Klein, Dan and Manning, Christopher D. and
	Singer, Yoram},
  title = {Feature-rich Part-of-speech Tagging with a Cyclic Dependency Network},
  booktitle = {Proceedings of the 2003 Conference of the North American Chapter
	of the Association for Computational Linguistics on Human Language
	Technology - Volume 1},
  year = {2003},
  series = {NAACL '03},
  pages = {173--180},
  address = {Stroudsburg, PA, USA},
  publisher = {Association for Computational Linguistics},
  acmid = {1073478},
  doi = {10.3115/1073445.1073478},
  location = {Edmonton, Canada},
  numpages = {8},
  url = {http://dx.doi.org/10.3115/1073445.1073478}
}

@ARTICLE{Verborgh:2013,
  author = {Verborgh, Ruben and Steiner, Thomas and Deursen, Davy and Roo, Jos
	and Walle, Rik Van De and Gabarr\'{o} Vall{\'e}s, Joaquim},
  title = {Capturing the Functionality of Web Services with Functional Descriptions},
  journal = {Multimedia Tools Appl.},
  year = {2013},
  volume = {64},
  pages = {365--387},
  number = {2},
  month = may,
  acmid = {2459009},
  address = {Hingham, MA, USA},
  doi = {10.1007/s11042-012-1004-5},
  issn = {1380-7501},
  issue_date = {May 2013},
  keywords = {Semantic Web, Service description, Service discovery},
  numpages = {23},
  publisher = {Kluwer Academic Publishers},
  url = {http://dx.doi.org/10.1007/s11042-012-1004-5}
}

@INPROCEEDINGS{Verborgh:2012a,
  author = {Verborgh, Ruben and Steiner, Thomas and Van Deursen, Davy and Coppens,
	Sam and Mannens, Erik and Van de Walle, Rik and Gabarr\'o Vall\'es,
	Joaquim},
  title = {{RESTdesc}---A Functionality-Centered Approach to Semantic Service
	Description and Composition},
  booktitle = {Proceedings of the Ninth Extended Semantic Web Conference},
  year = {2012},
  month = may,
  url = {http://2012.eswc-conferences.org/sites/default/files/eswc2012_submission_302.pdf}
}

@INPROCEEDINGS{Verborgh:2012b,
  author = {Verborgh, Ruben and Steiner, Thomas and Van de Walle, Rik and Gabarr\'o
	Vall\'es, Joaquim},
  title = {The Missing Links -- How the Description Format RESTdesc Applies
	the Linked Data Vision to Connect Hypermedia APIs},
  booktitle = {Proceedings of the First Linked APIs workshop at the Ninth Extended
	Semantic Web Conference},
  year = {2012},
  month = may,
  abstract = {“Web~1.0 connected humans with machines. Web~2.0 connected humans
	with humans. Web~3.0 connects machines with machines.” On the one
	hand, an incredible amount of valuable data is described by billions
	of triples, machine-accessible and interconnected thanks to the promises
	of Linked Data. On the other hand, rest is a scalable, resource-oriented
	architectural style that, like the Linked Data vision, recognizes
	the importance of links between resources. Hypermedia APIs are resources,
	too—albeit dynamic ones—and unfortunately, neither Linked Data principles,
	nor the rest-implied self-descriptiveness of hypermedia APIs sufficiently
	describe them to allow for long-envisioned realizations like automatic
	service discovery and composition. We argue that describing inter-resource
	links—similarly to what the Linked Data movement has done for data—is
	the key to machine-driven consumption of APIs. In this paper, we
	explain how the description format RESTdesc captures the functionality
	of APIs by explaining the effect of dynamic interactions, effectively
	complementing the Linked Data vision.},
  url = {http://lapis2012.linkedservices.org/papers/3.pdf}
}

@OTHER{W3C:2004,
  author = {W3C},
  date-added = {2013-11-08},
  owner = {leandro},
  timestamp = {2013.11.14},
  title = {Resource Description Framework (RDF)},
  url = {http://www.w3.org/RDF/},
  year = {2004}
}

@INCOLLECTION{Webber:2010a,
  author = {Webber, Jim and Parastatidis, Savas and Robinson, Ian},
  title = {The Web As a Platform for Building Distributed Systems},
  booktitle = {REST in Practice},
  publisher = {O'Reilly Media},
  year = {2010}
}

@INCOLLECTION{Webber:2010b,
  author = {Webber, Jim and Parastatidis, Savas and Robinson, Ian},
  title = {The Web and and WS-\*},
  booktitle = {REST in Practice},
  publisher = {O'Reilly Media},
  year = {2010},
  timestamp = {2013.11.14}
}

@ARTICLE{Yelmo:2011,
  author = {Yelmo, Juan C. and del \'{A}lamo, Jos{\'e} M. and Trapero, Rub{\'e}n and Mart\'{\i}n, Yod-Samuel},
  title = {A User-centric Approach to Service Creation and Delivery over Next Generation Networks},
  journal = {Comput. Commun.},
  year = {2011},
  volume = {34},
  pages = {209--222},
  number = {2},
  month = feb,
  acmid = {1924881},
  address = {Amsterdam, The Netherlands, The Netherlands},
  doi = {10.1016/j.comcom.2010.04.002},
  issn = {0140-3664},
  issue_date = {February, 2011},
  keywords = {Mobile applications, Next generation networks (NGN), Service-oriented
	architecture (SOA), User-generated services, Web 2.0},
  numpages = {14},
  publisher = {Elsevier Science Publishers B. V.},
  url = {http://dx.doi.org/10.1016/j.comcom.2010.04.002}
}

@incollection{Loutas:2010,
year={2010},
isbn={978-3-642-16131-5},
booktitle={Service-Oriented Computing. ICSOC/ServiceWave 2009 Workshops},
volume={6275},
series={Lecture Notes in Computer Science},
editor={Dan, Asit and Gittler, Frédéric and Toumani, Farouk},
doi={10.1007/978-3-642-16132-2_51},
title={Rethinking the Semantic Annotation of Services},
url={http://dx.doi.org/10.1007/978-3-642-16132-2_51},
publisher={Springer Berlin Heidelberg},
keywords={service; service-oriented; semantic; social contract; social metadata},
author={Loutas, Nikolaos and Peristeras, Vassilios and Tarabanis, Konstantinos},
pages={540-549}
}

@INPROCEEDINGS{MartinezCruz:2010, 
author={Martinez-Cruz, C. and Angeletou, S.}, 
booktitle={Fuzzy Systems and Knowledge Discovery (FSKD), 2010 Seventh International Conference on}, 
title={Folksonomy expansion process using soft techniques}, 
year={2010}, 
month={Aug}, 
volume={3}, 
pages={1238-1243}, 
keywords={Web sites;information analysis;semantic Web;thesauri;Wikipedia;WordNet;contextualised set;customised resulting tagset;folksonomy expansion process;semantic Web;soft techniques;thesaurus;Electronic publishing;Encyclopedias;Internet;Pragmatics;Semantics;Vehicles}, 
doi={10.1109/FSKD.2010.5569131},}

@article{Loutas:2012,
 author = {Loutas, Nikolaos and Peristeras, Vassilios and Zeginis, Dimitris and Tarabanis, Konstantinos},
 title = {The Semantic Service Search Engine (S3E)},
 journal = {J. Intell. Inf. Syst.},
 issue_date = {June      2012},
 volume = {38},
 number = {3},
 month = jun,
 year = {2012},
 issn = {0925-9902},
 pages = {645--668},
 numpages = {24},
 url = {http://dx.doi.org/10.1007/s10844-011-0171-6},
 doi = {10.1007/s10844-011-0171-6},
 acmid = {2317629},
 publisher = {Kluwer Academic Publishers},
 address = {Hingham, MA, USA},
 keywords = {Information search and retrieval, Semantic web services, Services discovery architecture, Software architectures},
} 

@inproceedings{Azmeh:2010,
 author = {Azmeh, Zeina and Huchard, Marianne and Tibermacine, Chouki and Urtado, Christelle and Vauttier, Sylvain},
 title = {Using Concept Lattices to Support Web Service Compositions with Backup Services},
 booktitle = {Proceedings of the 2010 Fifth International Conference on Internet and Web Applications and Services},
 series = {ICIW '10},
 year = {2010},
 isbn = {978-0-7695-4022-1},
 pages = {363--368},
 numpages = {6},
 url = {http://dx.doi.org/10.1109/ICIW.2010.60},
 doi = {10.1109/ICIW.2010.60},
 acmid = {1828654},
 publisher = {IEEE Computer Society},
 address = {Washington, DC, USA},
 keywords = {Web service discovery, formal concept analysis, service backups},
} 